00549cas a22002173a 4500
001 999311893502836
003 Nz
005 20200616162443.0
008 040109d198u198unz  r ne      0   a0eng  
035    $a (OCoLC)173422575
035    $a (NLNZils)931189
035    $a (Nz)8177887
035    $a (NLNZils)931189-ilsdb
040    $a NZNB $c NZNB
042    $a nznb
043    $a u-nz---
130 0  $a Photo news (Timaru, N.Z.)
245 10 $a Photo news.
260    $a [Timaru, N.Z.]
651  0 $a Timaru (N.Z.) $v Newspapers.
655  7 $a New Zealand newspapers. $2 local $5 Nz
